@article{raid2014jpeg,
  title={Jpeg image compression using discrete cosine transform-A survey},
  author={Raid, AM and Khedr, WM and El-Dosuky, Mohamed A and Ahmed, Wesam},
  journal={arXiv preprint arXiv:1405.6147},
  year={2014}
}

@article{ahmed1974discrete,
  title={Discrete cosine transform},
  author={Ahmed, Nasir and Natarajan, T\_ and Rao, Kamisetty R},
  journal={IEEE transactions on Computers},
  volume={100},
  number={1},
  pages={90--93},
  year={1974},
  publisher={IEEE}
}

@book{sayood2017introduction,
  title={Introduction to data compression},
  author={Sayood, Khalid},
  year={2017},
  publisher={Morgan Kaufmann}
}

@article{podpora2014yuv,
  title={YUV vs RGB-Choosing a Color Space for Human-Machine Interaction.},
  author={Podpora, Michal and Korbas, Grzegorz Pawel and Kawala-Janik, Aleksandra},
  journal={FedCSIS Position Papers},
  volume={18},
  pages={29--34},
  year={2014}
}

@article{dapena2002hybrid,
  title={A hybrid DCT-SVD image-coding algorithm},
  author={Dapena, Adriana and Ahalt, Stanley},
  journal={IEEE transactions on Circuits and Systems for video technology},
  volume={12},
  number={2},
  pages={114--121},
  year={2002},
  publisher={IEEE}
}

@book{trefethen1997numerical,
  title={Numerical linear algebra},
  author={Trefethen, Lloyd N and Bau III, David},
  volume={50},
  year={1997},
  publisher={Siam}
}

@article{reininger1983distributions,
  title={Distributions of the two-dimensional DCT coefficients for images},
  author={Reininger, R and Gibson, J},
  journal={IEEE Transactions on Communications},
  volume={31},
  number={6},
  pages={835--839},
  year={1983},
  publisher={IEEE}
}

@book{sangwine2012colour,
  title={The colour image processing handbook},
  author={Sangwine, Stephen J and Horne, Robin EN},
  year={2012},
  publisher={Springer Science \& Business Media}
}